<?xml version="1.0" encoding="UTF-8"?>
<record xmlns="http://www.loc.gov/MARC21/slim" xmlns:xsi="http://www.w3.org/2001/XMLSchema-instance" xsi:schemaLocation="http://www.loc.gov/MARC21/slim http://www.loc.gov/standards/marcxml/schema/MARC21slim.xsd">
<leader>00000cam a22      a 4500</leader>
<controlfield tag="001">001678789</controlfield>
<controlfield tag="003">NNU</controlfield>
<controlfield tag="005">20160106161224.0</controlfield>
<controlfield tag="008">010517s1932    au bf    bm   001 0 ara d</controlfield>
<datafield tag="035" ind1=" " ind2=" ">
<subfield code="a">(OCoLC)318940071</subfield>
</datafield>
<datafield tag="040" ind1=" " ind2=" ">
<subfield code="a">MEAUC</subfield>
<subfield code="b">eng</subfield>
<subfield code="c">MEAUC</subfield>
<subfield code="d">OCLCF</subfield>
<subfield code="d">OCLCO</subfield>
<subfield code="d">NDD</subfield>
<subfield code="d">OCLCQ</subfield>
</datafield>
<datafield tag="041" ind1="1" ind2=" ">
<subfield code="a">ara</subfield>
<subfield code="h">eng</subfield>
</datafield>
<datafield tag="043" ind1=" " ind2=" ">
<subfield code="a">f-ua---</subfield>
</datafield>
<datafield tag="050" ind1=" " ind2="4">
<subfield code="a">DT95.7</subfield>
<subfield code="b">H373 1932</subfield>
</datafield>
<datafield tag="100" ind1="1" ind2=" ">
<subfield code="6">880-01</subfield>
<subfield code="a">Ḥasan, Ḥasan Ibrāhīm.</subfield>
</datafield>
<datafield tag="240" ind1="1" ind2="0">
<subfield code="a">Fatimids in Egypt, considered chiefly in connection with their politico-religious activities.</subfield>
<subfield code="l">Arabic</subfield>
</datafield>
<datafield tag="245" ind1="1" ind2="3">
<subfield code="6">880-02</subfield>
<subfield code="a">al-Fāṭimīyūn fī miṣr wa-aʻmāluhum al-siyāsīyah wa-al-dīnīyah bi-wajhin khāṣṣ /</subfield>
<subfield code="c">waḍaʻahu bi-al-ʼInjj̄līzīyah wa-tarjamahu ʼilá al-ʻArabiyah Ḥasan ʼIbrahīm Ḩasan ; rājaʻa al-tarjamah Muḥammad ʼAḥmad Ḥassūnah, Zakī Muḥammad al-Muhandis.</subfield>
</datafield>
<datafield tag="260" ind1=" " ind2=" ">
<subfield code="6">880-03</subfield>
<subfield code="a">al-Qāhirah :</subfield>
<subfield code="b">al-Maṭbaʻah al-Amīrīyah,</subfield>
<subfield code="c">1932.</subfield>
</datafield>
<datafield tag="300" ind1=" " ind2=" ">
<subfield code="a">19, 367, pages, [20] leaves of plates :</subfield>
<subfield code="b">folded maps ;</subfield>
<subfield code="c">27 cm</subfield>
</datafield>
<datafield tag="336" ind1=" " ind2=" ">
<subfield code="a">text</subfield>
<subfield code="b">txt</subfield>
<subfield code="2">rdacontent</subfield>
</datafield>
<datafield tag="337" ind1=" " ind2=" ">
<subfield code="a">unmediated</subfield>
<subfield code="b">n</subfield>
<subfield code="2">rdamedia</subfield>
</datafield>
<datafield tag="338" ind1=" " ind2=" ">
<subfield code="a">volume</subfield>
<subfield code="b">nc</subfield>
<subfield code="2">rdacarrier</subfield>
</datafield>
<datafield tag="500" ind1=" " ind2=" ">
<subfield code="a">English original presented as the author's thesis (doctoral)--University of London, 1927.</subfield>
</datafield>
<datafield tag="500" ind1=" " ind2=" ">
<subfield code="a">At head of title: Wizārat al-Maʻārif al-ʻUmūmiyah.</subfield>
</datafield>
<datafield tag="504" ind1=" " ind2=" ">
<subfield code="a">Includes bibliographical referensec (pages 317-330) and indexes.</subfield>
</datafield>
<datafield tag="650" ind1=" " ind2="0">
<subfield code="a">Fatimites.</subfield>
</datafield>
<datafield tag="651" ind1=" " ind2="0">
<subfield code="a">Egypt</subfield>
<subfield code="x">History</subfield>
<subfield code="y">640-1250.</subfield>
</datafield>
<datafield tag="650" ind1=" " ind2="7">
<subfield code="a">Fatimites.</subfield>
<subfield code="2">fast</subfield>
<subfield code="0">(OCoLC)fst00921954</subfield>
</datafield>
<datafield tag="651" ind1=" " ind2="7">
<subfield code="a">Egypt.</subfield>
<subfield code="2">fast</subfield>
<subfield code="0">(OCoLC)fst01208755</subfield>
</datafield>
<datafield tag="648" ind1=" " ind2="7">
<subfield code="a">640 - 1250.</subfield>
<subfield code="2">fast</subfield>
</datafield>
<datafield tag="655" ind1=" " ind2="7">
<subfield code="a">History.</subfield>
<subfield code="2">fast</subfield>
<subfield code="0">(OCoLC)fst01411628</subfield>
</datafield>
<datafield tag="880" ind1="1" ind2=" ">
<subfield code="6">100-01/</subfield>
<subfield code="a">حسن، حسن إبراهيم.</subfield>
</datafield>
<datafield tag="880" ind1="1" ind2="2">
<subfield code="6">245-02/</subfield>
<subfield code="a">الفاطميون فى مصر وأعمالهم السياسية والدينية بوجه خاص /</subfield>
<subfield code="c">وضعه بالإنجليزية وترجمه إلى العربية حسن إبراهيم حسن ؛ راجع الترجمة محمد أحمد حسونة ، زكى محمد المهندس.</subfield>
</datafield>
<datafield tag="880" ind1=" " ind2=" ">
<subfield code="6">260-03/</subfield>
<subfield code="a">القاهرة :</subfield>
<subfield code="b">المطبعة الأميرية،</subfield>
<subfield code="c">1932.</subfield>
</datafield>
<datafield tag="OWN" ind1=" " ind2=" ">
<subfield code="a">GENERAL</subfield>
</datafield>
<datafield tag="AVA" ind1=" " ind2=" ">
<subfield code="a">NYU50</subfield>
<subfield code="b">BOBST</subfield>
<subfield code="c">Main Collection</subfield>
<subfield code="d">DT95.7 .H36n</subfield>
<subfield code="e">unavailable</subfield>
<subfield code="t">Unavailable</subfield>
<subfield code="f">1</subfield>
<subfield code="g">1</subfield>
<subfield code="h">N</subfield>
<subfield code="i">1</subfield>
<subfield code="j">MAIN</subfield>
<subfield code="k">0</subfield>
</datafield>
</record>
